@misc{yashe,
    author = {Joppe W. Bos and Kristin Lauter and Jake Loftus and Michael Naehrig},
    title = {Improved Security for a Ring-Based Fully Homomorphic Encryption Scheme},
    howpublished = {Cryptology ePrint Archive, Report 2013/075},
    year = {2013},
    note = {\url{http://eprint.iacr.org/2013/075}},
}

@article{somewhat,
  title={Somewhat Practical Fully Homomorphic Encryption.},
  author={Fan, Junfeng and Vercauteren, Frederik},
  journal={IACR Cryptology ePrint Archive},
  volume={2012},
  pages={144},
  year={2012},
  publisher={Citeseer}
}

@misc{newton,
    author = {Gizem S. Cetin and Yarkin Doroz and Berk Sunar and William J. Martin},
    title = {ARITHMETIC USING WORD-WISE HOMOMORPHIC ENCRYPTION},
    howpublished = {Cryptology ePrint Archive, Report 2015/1195},
    year = {2015},
    note = {\url{http://eprint.iacr.org/2015/1195}},
}

@misc{comparison,
    author = {Tancr√®de Lepoint and Michael Naehrig},
    title = {A Comparison of the Homomorphic Encryption Schemes FV and YASHE},
    howpublished = {Cryptology ePrint Archive, Report 2014/062},
    year = {2014},
    note = {\url{http://eprint.iacr.org/2014/062}},
}

@misc{ntl,
    author = {Victor Shoup},
    title = {{NTL}: {Number} {Theory} {Library}},
    year = {2016},
    note = {\url{shoup.net/ntl/}},
}

@ARTICLE{paterson,
    author = {Michael S. Paterson and Larry J. Stockmeyer},
    title = {On the number of nonscalar multiplications necessary to evaluate polynomials},
    journal = {SIAM Journal on Computing},
    year = {1973}
}

@misc{firstImp,
    author = {Craig Gentry and Shai Halevi},
    title = {Implementing Gentry's Fully-Homomorphic Encryption Scheme},
    howpublished = {Cryptology ePrint Archive, Report 2010/520},
    year = {2010},
    note = {\url{http://eprint.iacr.org/2010/520}},
}

@phdthesis{homenc,
   author = {Craig Gentry},
   title = {A fully homomorphic encryption scheme},
   school = {Stanford University},
   year = 2009,
   note = {\url{crypto.stanford.edu/craig}}
 } 

@article{rivest,
  title={On data banks and privacy homomorphisms},
  author={Rivest, Ronald L and Adleman, Len and Dertouzos, Michael L},
  journal={Foundations of secure computation},
  volume={4},
  number={11},
  pages={169--180},
  year={1978}
}

@article{grail,
  title={A first glimpse of cryptography's Holy Grail},
  author={Micciancio, Daniele},
  journal={Communications of the ACM},
  volume={53},
  number={3},
  pages={96--96},
  year={2010},
  publisher={ACM}
}

@inproceedings{cloud,
  title={Can homomorphic encryption be practical?},
  author={Naehrig, Michael and Lauter, Kristin and Vaikuntanathan, Vinod},
  booktitle={Proceedings of the 3rd ACM workshop on Cloud computing security workshop},
  pages={113--124},
  year={2011},
  organization={ACM}
}

@inproceedings{boolean,
  title={Practical and secure solutions for integer comparison},
  author={Garay, Juan and Schoenmakers, Berry and Villegas, Jos{\'e}},
  booktitle={International Workshop on Public Key Cryptography},
  pages={330--342},
  year={2007},
  organization={Springer}
}

@inproceedings{fixedpoint,
  title={Fixed-point arithmetic in SHE schemes},
  author={Costache, Anamaria and Smart, Nigel P and Vivek, Srinivas and Waller, Adrian},
  booktitle={International Conference on Selected Areas in Cryptography},
  pages={401--422},
  year={2016},
  organization={Springer}
}

@inproceedings{integers,
  title={Fully homomorphic encryption over the integers},
  author={Van Dijk, Marten and Gentry, Craig and Halevi, Shai and Vaikuntanathan, Vinod},
  booktitle={Annual International Conference on the Theory and Applications of Cryptographic Techniques},
  pages={24--43},
  year={2010},
  organization={Springer}
}

@inproceedings{smaller,
  title={Fully homomorphic encryption with relatively small key and ciphertext sizes},
  author={Smart, Nigel P and Vercauteren, Frederik},
  booktitle={International Workshop on Public Key Cryptography},
  pages={420--443},
  year={2010},
  organization={Springer}
}

@inproceedings{faster,
  title={Faster fully homomorphic encryption},
  author={Stehl{\'e}, Damien and Steinfeld, Ron},
  booktitle={International Conference on the Theory and Application of Cryptology and Information Security},
  pages={377--394},
  year={2010},
  organization={Springer}
}

@inproceedings{shorter,
  title={Fully homomorphic encryption over the integers with shorter public keys},
  author={Coron, Jean-S{\'e}bastien and Mandal, Avradip and Naccache, David and Tibouchi, Mehdi},
  booktitle={Annual Cryptology Conference},
  pages={487--504},
  year={2011},
  organization={Springer}
}

@inproceedings{lwe,
  title={Fully homomorphic encryption from ring-LWE and security for key dependent messages},
  author={Brakerski, Zvika and Vaikuntanathan, Vinod},
  booktitle={Annual cryptology conference},
  pages={505--524},
  year={2011},
  organization={Springer}
}

@inproceedings{depth,
  title={Fully homomorphic encryption without squashing using depth-3 arithmetic circuits},
  author={Gentry, Craig and Halevi, Shai},
  booktitle={Foundations of Computer Science (FOCS), 2011 IEEE 52nd Annual Symposium on},
  pages={107--109},
  year={2011},
  organization={IEEE}
}

@article{leveled,
  title={(Leveled) fully homomorphic encryption without bootstrapping},
  author={Brakerski, Zvika and Gentry, Craig and Vaikuntanathan, Vinod},
  journal={ACM Transactions on Computation Theory (TOCT)},
  volume={6},
  number={3},
  pages={13},
  year={2014},
  publisher={ACM}
}

@incollection{gapsvp,
  title={Fully homomorphic encryption without modulus switching from classical GapSVP},
  author={Brakerski, Zvika},
  booktitle={Advances in cryptology--crypto 2012},
  pages={868--886},
  year={2012},
  publisher={Springer}
}

@article{aes,
  title={Homomorphic AES evaluation using the modified LTV scheme},
  author={Dor{\"o}z, Yark{\i}n and Hu, Yin and Sunar, Berk},
  journal={Designs, Codes and Cryptography},
  volume={80},
  number={2},
  pages={333--358},
  year={2016},
  publisher={Springer}
}

@inproceedings{genomic,
  title={Private computation on encrypted genomic data},
  author={Lauter, Kristin and L{\'o}pez-Alt, Adriana and Naehrig, Michael},
  booktitle={International Conference on Cryptology and Information Security in Latin America},
  pages={3--27},
  year={2014},
  organization={Springer}
}

@book{numbers,
  title={An introduction to the theory of numbers},
  author={Hardy, Godfrey Harold and Wright, Edward Maitland and others},
  year={1979},
  publisher={Oxford university press}
}
